<?xml version="1.0"?>
<record xmlns="http://www.loc.gov/MARC21/slim"><leader>03114cam a2200349 i 4500</leader><controlfield tag="001">   77123332 </controlfield><controlfield tag="003">DLC</controlfield><controlfield tag="005">20051218154744.0</controlfield><controlfield tag="008">981008b2001    ilu           000 0 eng  </controlfield><datafield tag="035" ind1=" " ind2=" "><subfield code="a">57779</subfield></datafield><datafield tag="035" ind1=" " ind2=" "><subfield code="a">90490</subfield></datafield><datafield tag="035" ind1=" " ind2=" "><subfield code="a">93202</subfield></datafield><datafield tag="040" ind1=" " ind2=" "><subfield code="a">DLC</subfield><subfield code="c">DLC</subfield></datafield><datafield tag="906" ind1=" " ind2=" "><subfield code="a">0</subfield><subfield code="b">und</subfield><subfield code="c">orignew</subfield><subfield code="d">u</subfield><subfield code="e">ncip</subfield><subfield code="f">19</subfield><subfield code="g">y-gencatlg</subfield></datafield><datafield tag="010" ind1=" " ind2=" "><subfield code="a">   77123332 </subfield></datafield><datafield tag="245" ind1="0" ind2="0"><subfield code="a">Voyager Diacritic test -- New input 001 (SBIE).</subfield></datafield><datafield tag="260" ind1=" " ind2=" "><subfield code="a">ny :</subfield><subfield code="b">ny,</subfield><subfield code="c">2001.</subfield></datafield><datafield tag="300" ind1=" " ind2=" "><subfield code="a">100 p. ;</subfield><subfield code="c">12 cm.</subfield></datafield><datafield tag="500" ind1=" " ind2=" "><subfield code="a">New copy imported from file (8/12/99).</subfield></datafield><datafield tag="500" ind1=" " ind2=" "><subfield code="a">VOYAGER COLUMN 0  (NEW):  Degree sign (&#xB0;);  Phono Copyright mark (&#x2117;);  Copyright mark (&#xA9;);  Sharp (&#x266F;);  Inverted Question mark (&#xBF;);  Inverted Exclamation mark (&#xA1;).</subfield></datafield><datafield tag="500" ind1=" " ind2=" "><subfield code="a">VOYAGER COLUMN 1:  Script L (&#x2113;);  Polish L (&#x141;);  Scandanavian O (&#xD8;);  D with Crossbar (&#x110;);  Icelandic Thorn (&#xDE;);  AE Digraph (&#xC6;); OE Digraph (&#x152;);  Miagkii Znak (&#x2B9;);  Dot at Midline (&#xB7;).</subfield></datafield><datafield tag="500" ind1=" " ind2=" "><subfield code="a">VOYAGER COLUMN 2:  Musical Flat (&#x266D;);  Patent Mark (&#xAE;);  Plus or Minus (&#xB1;);  O Hook (&#x1A0;);  U Hook (&#x1AF;);  Alif (&#x2BC;);  alpha &#x3B1;;  Ayn (&#x2BB;);  Polish l (&#x142;).</subfield></datafield><datafield tag="500" ind1=" " ind2=" "><subfield code="a">VOYAGER COLUMN 3:  Scandanavian o (&#xF8;);  d with crossbar (&#x111;);  Icelandic Thorn (&#xFE;);  ae Digraph (&#xE6;);  oe Digraph (&#x153;);  Tverdii Znak (&#x2BA;);  Turkish i (&#x131;);  British Pound (&#xA3;);  eth (&#xF0;).</subfield></datafield><datafield tag="500" ind1=" " ind2=" "><subfield code="a">VOYAGER COLUMN 4:  Dagger (DO NOT USE);  o Hook (&#x1A1;);  u Hook (&#x1B0;);  Beta &#x3B2;;  Gamma &#x3B3;;  Superscript 0 (&#x2070;);  Superscript 1 (&#xB9;);  Superscript 2 (&#xB2;);  Superscript 3 (&#xB3;).</subfield></datafield><datafield tag="500" ind1=" " ind2=" "><subfield code="a">VOYAGER COLUMN 5:  Superscript 4 (&#x2074;);  Superscript 5 (&#x2075;);  Superscript 6 (&#x2076;);  Superscript 7 (&#x2077;);  Superscript 8 (&#x2078;);  Superscript 9 (&#x2079;);  Superscript + (&#x207A;);  Superscript - (&#x207B;);  Superscript ( (&#x207D;).</subfield></datafield><datafield tag="500" ind1=" " ind2=" "><subfield code="a">VOYAGER COLUMN 6:  Superscript ) (&#x207E;);  Subscript 0 (&#x2080;);  Subscript  1 (&#x2081;);  Subscript 2 (&#x2082;);  Subscript 3 (&#x2083;);  Subscript 4 (&#x2084;);  Subscript 5 (&#x2085;);  Subscript 6 (&#x2086;);  Subscript 7 (&#x2087;).</subfield></datafield><datafield tag="500" ind1=" " ind2=" "><subfield code="a">VOYAGER COLUMN 7:  Subscript 8 (&#x2088;);  Subscript 9 (&#x2089;);  Subscript + (&#x208A;);  Subscript - (&#x208B;);  Subscript ( (&#x208D;);  Subscript ) (&#x208E;);  Pseudo Question Mark (o&#x309;);  Grave (o&#x300;);  Acute (o&#x301;).</subfield></datafield><datafield tag="500" ind1=" " ind2=" "><subfield code="a">VOYAGER COLUMN 8:  Circumflex (o&#x302;);  Tilde (o&#x303;);  Macron (o&#x304;);  Breve (o&#x306;);  Superior Dot (o&#x307;);  Umlaut (o&#x308;);  Hacek (o&#x30C;);  Circle Above (o&#x30A;);  Ligature left (o&#x361;).</subfield></datafield><datafield tag="500" ind1=" " ind2=" "><subfield code="a">VOYAGER COLUMN 9:  Ligature right (o) ;  High Comma off center (o&#x315;);  Double Acute (o&#x30B;);  Candrabindu (o&#x310;);  Cedilla (o&#x327;);  Right Hook (o&#x328;);  Dot Below (o&#x323;);  Double Dot Below (o&#x324;);  Circle Below (o&#x325;).</subfield></datafield><datafield tag="500" ind1=" " ind2=" "><subfield code="a">VOYAGER COLUMN 10:  Double Underscore (o&#x333;);  Underscore (o&#x332;);  Left Hook (o&#x326;);  Right Cedilla (o&#x31C;);  Upadhmaniya (o&#x32E;);  Double Tilde 1st half (o&#x360;);  Double Tilde 2nd half (o) ;  High Comma centered (o&#x313;).</subfield></datafield><datafield tag="500" ind1=" " ind2=" "><subfield code="a">VOYAGER PC Keyboard:  Spacing Circumflex (^); Spacing Underscore (_); Spacing Grave (`); Open Curly Bracket ({); Close Curly Bracket (}); Spacing Tilde (~).</subfield></datafield><datafield tag="500" ind1=" " ind2=" "><subfield code="a">Standard PC Keyboard:   1234567890-=   !@#$%^&amp;*()_+   qwertyuiop[]\   QWERTYUIOP{}|   asdfghjkl;'  ASDFGHJKL:"   zxcvbnm,./   ZXCVBNM&lt;&gt;?</subfield></datafield></record>
